<?xml version="1.0" encoding="UTF-8"?><record xmlns="http://www.loc.gov/MARC21/slim" xmlns:cinclude="http://apache.org/cocoon/include/1.0" xmlns:zs="http://www.loc.gov/zing/srw/">
  <leader>00688cz  a2200157n  4500</leader>
  <controlfield tag="001">no2001100674</controlfield>
  <controlfield tag="003">DLC</controlfield>
  <controlfield tag="005">20031212092522.0</controlfield>
  <controlfield tag="008">011218n| acannaabn          |a aaa     c</controlfield>
  <datafield tag="010" ind1=" " ind2=" ">
    <subfield code="a">no2001100674</subfield>
    <subfield code="z">n 2003119979</subfield>
  </datafield>
  <datafield tag="035" ind1=" " ind2=" ">
    <subfield code="a">(OCoLC)oca05651406</subfield>
  </datafield>
  <datafield tag="040" ind1=" " ind2=" ">
    <subfield code="a">InU</subfield>
    <subfield code="b">eng</subfield>
    <subfield code="c">InU</subfield>
    <subfield code="d">DLC</subfield>
  </datafield>
  <datafield tag="100" ind1="1" ind2=" ">
    <subfield code="a">Stepanova, Ekaterina</subfield>
  </datafield>
  <datafield tag="400" ind1="1" ind2=" ">
    <subfield code="a">Stepanova, E. A.</subfield>
    <subfield code="q">(Ekaterina Andreevna)</subfield>
  </datafield>
  <datafield tag="670" ind1=" " ind2=" ">
    <subfield code="a">Kosovo, 1999:</subfield>
    <subfield code="b">t.p. (Ekaterina Stepanova) p. 7 (Ekaterina Andreevna Stepanova; main interests: for. and military policies of the USA)</subfield>
  </datafield>
  <datafield tag="670" ind1=" " ind2=" ">
    <subfield code="a">Stepanova, E. A. Voenno-grazhdanskie otnoshenii︠a︡ v operat︠s︡ii︠a︡kh nevoennogo tipa, 2001:</subfield>
    <subfield code="b">t.p. (E.A. Stepanova) p. [8] (Stepanova Ekaterina Andreevna)</subfield>
  </datafield>
</record>